@misc{MiOIB,
  title={Materiały do wykładu ,,{M}etaheurystyki i Obliczenia Inspirwane Biologicznie''},
  author={Maciej Komosiński},
  year={2014},
  howpublished={Lecture notes}
}

@book{Goldberg-2002,
  title={The Design of Innovation: Lessons from and for Competent Genetic Algorithms},
  author={Goldberg, D. E.},
  year={2002},
  publisher={Kluwer Academic Publishers}
}

@misc{WikiDash,
  author = "Wikipedia",
  title = "Dash -- Wikipedia{,} The Free Encyclopedia",
	note = {\url{http://en.wikipedia.org/wiki/Dash}},
  year = "2014"
}

@misc{The Traveling Salesman Problem,
	note = {\url{http://examples.gurobi.com/traveling-salesman-problem/}}
}

@article{graphviz,
    author = {Emden R. Gansner and Stephen C. North},
    title = {An open graph visualization system and its applications to software engineering},
    journal = {Software -- practice and experience},
    year = {2000},
    volume = {30},
    number = {11},
    pages = {1203--1233},
    url = {https://www.graphviz.org/}
}
